@MastersThesis{Medvecky_Heretik2018thesis,
AUTHOR = "MEDVECKÝ-HERETIK, Jakub",
TITLE = "Simulace vody v herním prostředí [online]",
YEAR = "2018 [cit. 2019-12-30]",
TYPE = "Diplomová práce",
SCHOOL = "Masarykova univerzita, Fakulta informatiky, Brno",
SUPERVISOR = "Jiří Chmelík",
URL = "Dostupné z WWW <https://is.muni.cz/th/mfkg2/>",
}